@inproceedings{v2pcomm,
  TITLE = {{Vehicle to Pedestrian Communications for Protection of Vulnerable road Users}},
  AUTHOR = {Anaya, Jos{\'e} Javier and Merdrignac, Pierre and Shagdar, Oyunchimeg and Nashashibi, Fawzi and Naranjo, Jos{\'e} E.},
  URL = {https://hal.archives-ouvertes.fr/hal-00992759},
  NOTE = {6 pages},
  BOOKTITLE = {{2014 IEEE Intelligent Vehicles Symposium}},
  ADDRESS = {Dearborn, Michigan, United States},
  PAGES = {1-6},
  YEAR = {2014},
  MONTH = Jun,
  KEYWORDS = {Pedestrian safety ; Wireless Communications ; Wi-Fi ; Vehicle-to-Pedestrian ; Android application},
  PDF = {https://hal.archives-ouvertes.fr/hal-00992759/file/CameraReady_IV2014_V2ProVu.pdf},
  HAL_ID = {hal-00992759},
  HAL_VERSION = {v1},
}

@INPROCEEDINGS{v2pprotection, 
author={A. Lewandowski and S. Bocker and V. Koster and C. Wietfeld}, 
booktitle={2013 IEEE 5th International Symposium on Wireless Vehicular Communications (WiVeC)}, 
title={Design and performance analysis of an IEEE 802.15.4 V2P pedestrian protection system}, 
year={2013}, 
volume={}, 
number={}, 
pages={1-6}, 
keywords={Zigbee;distance measurement;mobile radio;optimisation;pedestrians;protocols;IEEE 802.15.4 V2P pedestrian protection system;LP3S;alarming message;battery lifetime;pedestrian detection system;protocol design;radio communication hardware;radio-based distance measurement;retrofit warning unit;stochastic system simulation;vehice-to-pedestrian communication;vulnerable road user protection system;Educational institutions;Optimization;Performance evaluation;Protocols;Reliability;Roads;Vehicles}, 
doi={10.1109/wivec.2013.6698232}, 
ISSN={}, 
month={June},}

@INPROCEEDINGS{watchover, 
author={L. Andreone and A. Guarise and F. Lilli abd D. Gavrila and M. Pieve}, 
booktitle={ITS World Congress}, 
title={COOPERATIVE SYSTEMS FOR VULNERABLE ROAD USERS: THE CONCEPT OF THE WATCH-OVER PROJECT},
year={2006},
}

@INPROCEEDINGS{beacon, 
author={K. Dhondge and S. Song and B. Y. Choi and H. Park}, 
booktitle={2014 IEEE 79th Vehicular Technology Conference (VTC Spring)}, 
title={WiFiHonk: Smartphone-Based Beacon Stuffed WiFi Car2X-Communication System for Vulnerable Road User Safety}, 
year={2014}, 
volume={}, 
number={}, 
pages={1-5}, 
keywords={mobile radio;road accidents;road safety;road traffic;smart phones;wireless LAN;V2I communications;V2V communications;VRU protection;WiFi association overhead reduction;WiFiHonk;car2pedestrian communication methods;collision estimation algorithm;communication devices;headphone-wearing VRU;high-tech vehicle-to-vehicle communications;roadside accidents;smart device;smart devices;smartphone-based beacon stuffed WiFi car2X-communication system;sound warning method;traffic accident;traffic safety;vehicle-to-infrastructure communications;vulnerable road user safety;Accidents;IEEE 802.11 Standards;Roads;Safety;Sensors;Vectors;Vehicles}, 
doi={10.1109/VTCSpring.2014.7023146}, 
ISSN={1550-2252}, 
month={May},}

@ARTICLE{2010perception, 
author={D. Geronimo and A. M. Lopez and A. D. Sappa and T. Graf}, 
journal={IEEE Transactions on Pattern Analysis and Machine Intelligence}, 
title={Survey of Pedestrian Detection for Advanced Driver Assistance Systems}, 
year={2010}, 
volume={32}, 
number={7}, 
pages={1239-1258}, 
keywords={driver information systems;advanced driver assistance systems;pedestrian detection;pedestrian protection systems;traffic safety;ADAS;on-board vision;pedestrian detection;survey.;Accident Prevention;Accidents, Traffic;Automobile Driving;Humans;Image Processing, Computer-Assisted;Pattern Recognition, Automated;Walking}, 
doi={10.1109/TPAMI.2009.122}, 
ISSN={0162-8828}, 
month={July},}

@ARTICLE{2016fusion, 
author={P. Merdrignac and O. Shagdar and F. Nashashibi}, 
journal={IEEE Transactions on Intelligent Transportation Systems}, 
title={Fusion of Perception and V2P Communication Systems for the Safety of Vulnerable Road Users}, 
year={2017}, 
volume={18}, 
number={7}, 
pages={1740-1751}, 
keywords={Global Positioning System;cooperative communication;road safety;vehicular ad hoc networks;GPS positioning;cooperative intelligent transportation system;exchanged information reliability;line-of-sight conditions;multihypothesis tracking;non-LOS conditions;perception-V2P communication system fusion;probabilistic association;vehicle-to-pedestrian communication;vulnerable road user safety;Global Positioning System;Protocols;Roads;Safety;Sensors;Vehicles;Vulnerable road users;cooperative ITS;information fusion;vehicle-to-pedestrian (V2P)}, 
doi={10.1109/TITS.2016.2627014}, 
ISSN={1524-9050}, 
month={July},}

@INPROCEEDINGS{bikes, 
author={J. Santa and P. J. Fernández and M. A. Zamora}, 
booktitle={2016 IEEE Vehicular Networking Conference (VNC)}, 
title={Cooperative ITS for two-wheel vehicles to improve safety on roads}, 
year={2016}, 
volume={}, 
number={}, 
pages={1-4}, 
keywords={Android (operating system);Internet;intelligent transportation systems;motorcycles;radiocommunication;road safety;traffic engineering computing;transport protocols;vehicular ad hoc networks;wireless LAN;Android application;CAM;ETSI;IEEE 802.11p;IETF;IPv6 in-vehicle network;ISO;ITS-specific protocols;communication device;cooperative ITS;cooperative awareness messaging;future Internet;handheld device;intelligent transportation systems;interface limitations;interurban routes;motorcyclists;road safety;road transportation;telematics;two-wheel vehicles;vehicle accidents;vehicular communications;vehicular wireless communications;Automobiles;Global Positioning System;IEEE 802.11 Standard;Motorcycles;Safety;Software}, 
doi={10.1109/VNC.2016.7835969}, 
ISSN={}, 
month={Dec},}

@ARTICLE{its, 
author={G. Dimitrakopoulos and P. Demestichas}, 
journal={IEEE Vehicular Technology Magazine}, 
title={Intelligent Transportation Systems}, 
year={2010}, 
volume={5}, 
number={1}, 
pages={77-84}, 
keywords={cognitive systems;road vehicles;traffic engineering computing;transportation;wireless sensor networks;cognitive management functionality;context handling;exchange information;intelligent transportation system;mobility;nonrenewable fossil energy wastage;pedestrian safety;sensor networks;transportation infrastructure;vehicle safety;Degradation;Energy management;Intelligent transportation systems;Knowledge management;Pollution;Quality management;Telecommunication traffic;Vehicle safety;Vehicles;Waste management}, 
doi={10.1109/MVT.2009.935537}, 
ISSN={1556-6072}, 
month={March},}

@ARTICLE{survey, 
author={T. Gandhi and M. M. Trivedi}, 
journal={IEEE Transactions on Intelligent Transportation Systems}, 
title={Pedestrian Protection Systems: Issues, Survey, and Challenges}, 
year={2007}, 
volume={8}, 
number={3}, 
pages={413-430}, 
keywords={automated highways;collision avoidance;road safety;traffic engineering computing;active safety systems;collision avoidance;collision prediction;infrastructure enhancements;pedestrian detection;pedestrian dynamics;pedestrian protection systems;pedestrian safety;vehicles passive safety features;video cues;Active safety;computer vision;intelligent driver support;intelligent/safe vehicles;person detection and tracking}, 
doi={10.1109/TITS.2007.903444}, 
ISSN={1524-9050}, 
month={Sept},}

@ARTICLE{doppler, 
author={N. Alam and A. Tabatabaei Balaei and A. G. Dempster}, 
journal={IEEE Transactions on Vehicular Technology}, 
title={A DSRC Doppler-Based Cooperative Positioning Enhancement for Vehicular Networks With GPS Availability}, 
year={2011}, 
volume={60}, 
number={9}, 
pages={4462-4470}, 
keywords={Global Positioning System;cooperative communication;time-of-arrival estimation;DSRC doppler-based cooperative positioning enhancement;Doppler shift;GNSS;GPS availability;TDOA;dedicated short-range communications;global navigation satellite systems;global positioning system;intelligent transpiration systems;navigation systems;received signal strength;time difference of arrival;time of arrival;vehicle-based logistic;vehicle-infrastructure communications;vehicle-vehicle communications;vehicular networks;Distance measurement;Doppler shift;Global Positioning System;Radio transmitters;Receivers;Cooperative positioning (CP);Doppler effect;dedicated short-range communications (DSRC);vehicular network}, 
doi={10.1109/TVT.2011.2168249}, 
ISSN={0018-9545}, 
month={Nov},}